<?xml version='1.0' encoding='UTF-8'?>
<record xmlns="http://www.loc.gov/MARC21/slim">
  <leader>00970cam a2200241 a 4500</leader>
  <controlfield tag="001">773894</controlfield>
  <controlfield tag="003">NjP</controlfield>
  <controlfield tag="005">20171024101229.0</controlfield>
  <controlfield tag="008">850625m19659999ir            000|0 ara d</controlfield>
  <datafield tag="024" ind1="7" ind2=" ">
    <subfield code="a">princeton_aco002684</subfield>
    <subfield code="2">local</subfield>
  </datafield>
  <datafield ind1=" " ind2=" " tag="035">
    <subfield code="a">(OCoLC)27151804</subfield>
  </datafield>
  <datafield ind1=" " ind2=" " tag="035">
    <subfield code="a">(CStRLIN)NJPG85-B16196</subfield>
  </datafield>
  <datafield ind1=" " ind2=" " tag="035">
    <subfield code="9">ADQ7456TS</subfield>
  </datafield>
  <datafield ind1=" " ind2=" " tag="035">
    <subfield code="a">773894</subfield>
  </datafield>
  <datafield ind1=" " ind2=" " tag="040">
    <subfield code="a">NjP</subfield>
    <subfield code="c">NjP</subfield>
  </datafield>
  <datafield ind1="2" ind2=" " tag="100">
    <subfield code="a">Ṭabāṭabāʼī al-Yazdī,Ḥusayn.</subfield>
  </datafield>
  <datafield ind1="1" ind2="0" tag="245">
    <subfield code="a">Tafsīr Āyāt al-aḥkām :</subfield>
    <subfield code="b">wafq al-madhhab al-Jaʻfarī wa-al-madhāhib al-Arbaʻah /</subfield>
    <subfield code="c">bi-qalam Ḥusayn al-Ṭabāṭabāʼī al-Yazdī al-Najafī.</subfield>
  </datafield>
  <datafield ind1=" " ind2=" " tag="260">
    <subfield code="a">Qum, Īrān :</subfield>
    <subfield code="b">Maktabat al-Dāwudī,</subfield>
    <subfield code="c">1385- [1965- ]</subfield>
    <subfield code="e">(al-Najaf al-Ashraf :</subfield>
    <subfield code="f">Maṭbaʻat al-Najaf)</subfield>
  </datafield>
  <datafield ind1=" " ind2=" " tag="300">
    <subfield code="a">v. ;</subfield>
    <subfield code="c">24 cm.</subfield>
  </datafield>
  <datafield ind1=" " ind2=" " tag="504">
    <subfield code="a">Includes bibliographical references.</subfield>
  </datafield>
  <datafield ind1="0" ind2="0" tag="630">
    <subfield code="a">Qurʼan</subfield>
    <subfield code="x">Commentaries.</subfield>
  </datafield>
  <datafield ind1=" " ind2="0" tag="650">
    <subfield code="a">Islamic law.</subfield>
    <subfield code="0">http://id.loc.gov/authorities/subjects/sh85068454</subfield>
  </datafield>
  <datafield ind1=" " ind2=" " tag="911">
    <subfield code="a">19921218</subfield>
  </datafield>
  <datafield ind1=" " ind2=" " tag="912">
    <subfield code="a">19921207000000.0</subfield>
  </datafield>
  <datafield ind1=" " ind2=" " tag="998">
    <subfield code="a">12/07/92</subfield>
    <subfield code="s">9118</subfield>
    <subfield code="n">NjP</subfield>
    <subfield code="w">NJPG85B16196</subfield>
    <subfield code="d">06/25/85</subfield>
    <subfield code="c">KC</subfield>
    <subfield code="b">KC</subfield>
    <subfield code="i">921207</subfield>
    <subfield code="l">NJPG</subfield>
  </datafield>
  <datafield ind1="0" ind2="1" tag="852">
    <subfield code="0">874184</subfield>
    <subfield code="b">rcppa</subfield>
    <subfield code="t">1</subfield>
    <subfield code="h">BP130.4</subfield>
    <subfield code="i">.T322 1965</subfield>
    <subfield code="x">tr fr anxa</subfield>
  </datafield>
  <datafield ind1=" " ind2="0" tag="866">
    <subfield code="0">874184</subfield>
    <subfield code="8">0</subfield>
    <subfield code="a">al-juzʾ 1</subfield>
  </datafield>
  <datafield ind1=" " ind2=" " tag="959">
    <subfield code="a">2000-06-13 00:00:00 -0500</subfield>
  </datafield>
</record>
